 %**********************************************************************************************************************
% musím se postarat o diakritiku v příjmeních

%%% ML: rozsirit seznam referenci

@Book{diveintopython,
  title=	{Dive Into Python},
  author=	{Mark Pilgrim},
  publisher=	{Apress},
  year=		{2004},
  isbn =	{978-1-59059-356-1},
}

@Book{qgis,
  title  =	{Mastering QGIS},
  author=	{Kurt Menke and Luigi Pirelli and Richard Smith and John Van Hoesen},
  publisher = {Packt Publishing},
  year =        {2015},
  isbn=      {978-1-78439-868-2}
}

@Booklet{ucebnicepython,
  title  =	{Učebnice jazyka Python (aneb Létající cirkus)},
  author=	{Jan Švec},
  year =        {2002},
  url   =	{http://www.root.cz/knihy/ucebnice-jazyka-python/},
  note   =	{Česká verze knihy Python tutorial od Guida van Rossuma a Freda L. Drakea},
}

@Online{suro,
  key	=	 {zweb:suro},
  title  =	{Státní ústav radiační ochrany, v.v.i.: Odborná činnost ústavu},
  cited =        {2016-04-08},
  url   =	{http://www.suro.cz/cz/suro/odborna-cinnost-ustavu},
}

@Online{surovyzkum,
  key	=	 {zweb:suro},
  title  =	{Státní ústav radiační ochrany, v.v.i.: Výzkum v SÚRO a jeho hlavní orientace},
  cited =        {2016-04-08},
  url   =	{http://www.suro.cz/cz/vyzkum},
}

@Online{spektrometrie,
  key	=	 {zweb:acr},
  author = {příslušníci 314. centra výstrahy proti zbraním hromadného ničení},
  title  =	{Detekce a spektrometrie ionizujícího záření},
  cited =  	{2017-05-20},
  url   =	{http://www.acr.army.cz/scripts/detail.php?id=9473},
}

@Online{cookbook,
  key	=	 {zweb:cookbook},
  title  =	{PyQGIS Developer Cookbook},
  cited =        {2016-04-08},
  url   =	{http://docs.qgis.org/testing/en/docs/pyqgis_developer_cookbook/},
}

@Techreport{Nordyke2000,
  doi = {10.2172/793554},
  url = {https://doi.org/10.2172/793554},
  year  = {2000},
  month = {jul},
  publisher = {Office of Scientific and Technical Information  ({OSTI})},
  author = {M.D. Nordyke},
  title = {The Soviet Program for Peaceful Uses of Nuclear Explosions}
}

@Book{hershberger1992speeding,
  title={Speeding up the Douglas-Peucker line-simplification algorithm},
  author={Hershberger, John Edward and Snoeyink, Jack},
  year={1992},
  publisher={University of British Columbia, Department of Computer Science}
}

